<?xml version="1.0" encoding="UTF-8"?><record xmlns="http://www.loc.gov/MARC21/slim" xmlns:cinclude="http://apache.org/cocoon/include/1.0" xmlns:zs="http://www.loc.gov/zing/srw/">
  <leader>00501nz  a2200133n  4500</leader>
  <controlfield tag="001">no2002021423</controlfield>
  <controlfield tag="003">DLC</controlfield>
  <controlfield tag="005">20020315052510.0</controlfield>
  <controlfield tag="008">020314n| acannaab            n aaa     c</controlfield>
  <datafield tag="010" ind1=" " ind2=" ">
    <subfield code="a">no2002021423</subfield>
  </datafield>
  <datafield tag="035" ind1=" " ind2=" ">
    <subfield code="a">(OCoLC)oca05712485</subfield>
  </datafield>
  <datafield tag="040" ind1=" " ind2=" ">
    <subfield code="a">RPB</subfield>
    <subfield code="b">eng</subfield>
    <subfield code="c">RPB</subfield>
  </datafield>
  <datafield tag="100" ind1="1" ind2=" ">
    <subfield code="a">Langlois, Daniel</subfield>
  </datafield>
  <datafield tag="670" ind1=" " ind2=" ">
    <subfield code="a">Manuel d'antialcoolisme à l'usage des lycées, collèges, écoles primaires, 1905?:</subfield>
    <subfield code="b">t.p. (Daniel Langlois, président-fondateur, Commission d'organisation du Ier Congrès national contre l'alcoolisme)</subfield>
  </datafield>
</record>